@book{Raghavendr,
	author = "Raghavendr",
	title = "Making LaTeX documents",
	year = "2012",
	publisher = "Reidel Publishing Company"
	}
